@book{LibroGobstones,
  author = {Martínez López, Pablo E.},
  title = {Las bases conceptuales de la Programación: Una nueva forma de aprender a programar},
  year = {2013},
  isbn = {978-987-33-4081-9},
  address = {EBook, La Plata, Buenos Aires, Argentina},
  url = {http://www.gobstones.org/bibliografia/Libros/BasesConceptualesProg.pdf}
}

@article{Wing,
  author = {Wing, Jeannette M.},
  title = {Computational thinking},
  journal = {Communications of the ACM},
  volume = {49, No. 3},
  year = {2006},
  pages = {33-35}
}

@inproceedings{PaperMumuki,
 author = {Aloi, Federico and Bulgarelli, Franco and Spigariol, Lucas},
 title= {Mumuki, una plataforma libre para aprender a programar},
 booktitle = {Memorias CONAIISI 2015},
 year = {2015},
 isbn = {978-987-1896-47-9},
 url = {http://conaiisi2015.utn.edu.ar/memorias/Ingenieria/160-609-1-DR.pdf}
}

@incollection{Turner,
  title = {Some History of Functional Programming Languages},
  author = {Turner, DA},
  booktitle = {Trends in Functional Programming},
  pages = {1--20},
  year = {2013},
  publisher = {Springer}
}

@misc{Sadosky,
  title = {Una propuesta para refundar la enseñanza de la computación en las escuelas Argentinas},
  author = {Fundación Sadosky},
  year = {2013},
  url = {http://www.fundacionsadosky.org.ar/wp-content/uploads/2014/06/cc-2016.pdf}
}

@article{wegner1990concepts,
  title = {Concepts and paradigms of object-oriented programming},
  author = {Wegner, Peter},
  journal = {ACM SIGPLAN OOPS Messenger},
  volume = {1},
  number = {1},
  pages = {7--87},
  year = {1990},
  publisher = {ACM}
}
